<record><leader>00000cas a2200000 a 4500</leader><controlfield tag="001">32898273</controlfield><controlfield tag="008">950731d18761925iludn ne      0   a0eng c</controlfield><datafield ind1=" " ind2=" " tag="010"><subfield code="a">sn 95068666 </subfield></datafield><datafield ind1=" " ind2=" " tag="040"><subfield code="a">IEE</subfield><subfield code="b">eng</subfield><subfield code="c">IEE</subfield><subfield code="d">MGN</subfield><subfield code="d">OCL</subfield><subfield code="d">CVF</subfield><subfield code="d">NVF</subfield><subfield code="d">OCLCQ</subfield><subfield code="d">OCLCF</subfield><subfield code="d">NVF</subfield><subfield code="d">OCLCO</subfield></datafield><datafield ind1="1" ind2=" " tag="029"><subfield code="a">AU@</subfield><subfield code="b">000025289428</subfield></datafield><datafield ind1=" " ind2=" " tag="042"><subfield code="a">pcc</subfield></datafield><datafield ind1=" " ind2=" " tag="043"><subfield code="a">n-us-il</subfield></datafield><datafield ind1="0" ind2="4" tag="245"><subfield code="a">The Elgin daily news.</subfield></datafield><datafield ind1="1" ind2="0" tag="246"><subfield code="a">Daily news</subfield></datafield><datafield ind1="1" ind2="0" tag="246"><subfield code="a">News</subfield></datafield><datafield ind1="1" ind2="0" tag="246"><subfield code="a">Elgin news</subfield></datafield><datafield ind1=" " ind2=" " tag="260"><subfield code="a">Elgin, Ill. :</subfield><subfield code="b">Elgin Print. Co.</subfield></datafield><datafield ind1=" " ind2=" " tag="300"><subfield code="a">v.</subfield></datafield><datafield ind1=" " ind2=" " tag="310"><subfield code="a">Daily (except Sunday)</subfield></datafield><datafield ind1="1" ind2=" " tag="362"><subfield code="a">Began in June 1876?</subfield></datafield><datafield ind1="0" ind2=" " tag="362"><subfield code="a">-v. 53, no. 308 (Dec. 31, 1925).</subfield></datafield><datafield ind1=" " ind2=" " tag="530"><subfield code="3">Apr. 5, 1877, Jan. 3-Dec. 31, 1878, Jan. 23, May 3, July 2-Dec. 31, 1879, Feb. 5, Sept. 1, Dec. 15, 1880, Jan. 3, 1882-Dec. 31, 1925</subfield><subfield code="a">available on microfilm;</subfield><subfield code="b">University of Chicago Library Department of Photographic Reproduction.</subfield></datafield><datafield ind1=" " ind2=" " tag="580"><subfield code="a">Merged with: Elgin daily courier, to form: Elgin courier-news.</subfield></datafield><datafield ind1=" " ind2=" " tag="588"><subfield code="a">Description based on: Vol. 1, no. 247 (Apr. 5, 1877).</subfield></datafield><datafield ind1=" " ind2="0" tag="651"><subfield code="a">Elgin (Ill.)</subfield><subfield code="v">Newspapers.</subfield></datafield><datafield ind1=" " ind2="7" tag="651"><subfield code="a">Illinois</subfield><subfield code="z">Elgin.</subfield><subfield code="2">fast</subfield><subfield code="0">(OCoLC)fst01212719</subfield></datafield><datafield ind1=" " ind2="7" tag="655"><subfield code="a">Newspapers.</subfield><subfield code="2">fast</subfield><subfield code="0">(OCoLC)fst01423814</subfield></datafield><datafield ind1=" " ind2=" " tag="752"><subfield code="a">United States</subfield><subfield code="b">Illinois</subfield><subfield code="c">Kane</subfield><subfield code="d">Elgin.</subfield></datafield><datafield ind1="0" ind2="8" tag="776"><subfield code="i">Microfilm version:</subfield><subfield code="t">Elgin daily news</subfield><subfield code="w">(DLC)  2014271532</subfield><subfield code="w">(OCoLC)34179354</subfield></datafield><datafield ind1="0" ind2="5" tag="780"><subfield code="t">Daily herald (Elgin, Ill.)</subfield><subfield code="g">1877</subfield></datafield><datafield ind1="0" ind2="5" tag="780"><subfield code="t">Elgin free press (Elgin, Ill.)</subfield><subfield code="g">1877</subfield></datafield><datafield ind1="0" ind2="5" tag="780"><subfield code="t">Daily Bluff City</subfield><subfield code="g">1878</subfield><subfield code="w">(DLC)sn 94054655</subfield><subfield code="w">(OCoLC)29873956</subfield></datafield><datafield ind1="0" ind2="5" tag="780"><subfield code="t">Elgin evening advocate</subfield><subfield code="g">1883</subfield><subfield code="w">(DLC)sn2004060814</subfield><subfield code="w">(OCoLC)32898137</subfield></datafield><datafield ind1="0" ind2="5" tag="780"><subfield code="t">Elgin advocate</subfield><subfield code="g">1918</subfield><subfield code="w">(DLC)sn 82015365</subfield><subfield code="w">(OCoLC)8807861</subfield></datafield><datafield ind1="1" ind2="7" tag="785"><subfield code="t">Elgin daily courier</subfield><subfield code="w">(DLC)sn2004060810</subfield><subfield code="w">(OCoLC)33026131</subfield></datafield><datafield ind1="1" ind2="7" tag="785"><subfield code="t">Elgin courier-news</subfield><subfield code="w">(DLC)sn 87056733</subfield><subfield code="w">(OCoLC)17165571</subfield></datafield></record>